@article{Lazzari:vi0158,
author = "Lazzari, R{\'{e}}mi",
title = "{{\it IsGISAXS}: a program for grazing-incidence small-angle X-ray scattering analysis of supported islands}",
journal = "Journal of Applied Crystallography",
year = "2002",
volume = "35",
number = "4",
pages = "406--421",
month = "Aug",
doi = {10.1107/S0021889802006088},
url = {http://dx.doi.org/10.1107/S0021889802006088}
}

@article{IsGISAXSManual,
author = "Lazzari, R{\'{e}}mi",
title = "{{\it IsGISAXS}: a program for grazing-incidence small-angle X-ray scattering analysis of supported islands}",
url = {http://ln-www.insp.upmc.fr/axe4/Oxydes/IsGISAXS/figures/doc/manual.html}
}


@article{PhysRevB.76.125411,
  title = {Grazing-incidence small-angle x-ray scattering from dense packing of islands on surfaces: Development of distorted wave Born approximation and correlation between particle sizes and spacing},
  author = {Lazzari, R\'emi and Leroy, Fr\'ed\'eric and Renaud, Gilles},
  journal = {Phys. Rev. B},
  volume = {76},
  issue = {12},
  pages = {125411},
  numpages = {14},
  year = {2007},
  month = {Sep},
  doi = {10.1103/PhysRevB.76.125411},
  url = {http://link.aps.org/doi/10.1103/PhysRevB.76.125411},
  publisher = {American Physical Society}
}

@Book{Pythonref,
 author    = "Mark {Lutz}",
 title     = "Python pocket reference",
 publisher = "O'Reilly media",
 year      =  2009,
 edition   = "fourth edition"
}

@Book{Cppref,
 author    = "Kyle {Loudon}",
 title     = "C++ pocket reference",
 publisher = "O'Reilly media",
 year      =  2008
}


